@misc{PQC, url= {https://csrc.nist.gov/Projects/post-quantum-cryptography}}
@misc{LWC, url= {https://csrc.nist.gov/Projects/lightweight-cryptography}}

@report{SPHINCS,
  author = {Jean-Philippe Aumasson and Daniel J. Bernstein and Ward Beullens and Christoph Dobraunig and Maria Eichlseder and
       Scott Fluhrer and Stefan-Lukas Gazdag and Andreas Hülsing and Panos Kampanakis and Stefan Kölbl and
        Tanja Lange and Martin M. Lauridsen and Florian Mendel and Ruben Niederhagen and Christian Rechberger and
        Joost Rijneveld and Peter Schwabe and  Bas Westerbaan},
  title  = {SPHINCS+: Submission to the NIST post-quantum project, v.3},
  date   = 2020
}
@article{Ishai,
  author = {Yuval Ishai and Eyal Kushilevitz and Rafail Ostrovsky and Amit Sahai},
  title  = {Zero-Knowledge from Secure Multiparty Computation},
  journal= {SIAM Journal on Computing 39},
  number = {3}, date = 2009, pages = {1121–1152}
  }


@inproceedings{ZKBplusplus,
  author = {Chase, Melissa and Derler, David and Goldfeder, Steven and Orlandi, Claudio and Ramacher, Sebastian and Rechberger, Christian and Slamanig, Daniel and Zaverucha, Greg},
  title = {Post-Quantum Zero-Knowledge and Signatures from Symmetric-Key Primitives},
  date = {2017}, isbn = {9781450349468},
  publisher = {Association for Computing Machinery},
  address = {New York, NY, USA},
  url = {https://doi.org/10.1145/3133956.3133997},
  booktitle = {Proceedings of the 2017 ACM SIGSAC Conference on Computer and Communications Security},
  pages = {1825–1842},
  numpages = {18}
}

@misc{Romulus,
    author= {Tetsu Iwata and Mustafa Khairallah and Kazuhiko Minematsu and Thomas Peyrin},
    title=  {Romulus v1.2}
  }
@misc{PICNIC_ROMULUS,
  URL={https://github.com/henriquejosefaria/Master\_Thesis/tree/main/C\_merged\_implementations/picnicl1full\_romulus/picnicl1full\_Romulus}}

@report{SPHINCS_ASCON,
  author= {Henrique Faria and José Manuel Valença},
  title=  {Post-Quantum Authentication with Lightweight Cryptographic Primitives},
  howpublished = {Cryptology ePrint Archive, Report 2021-1298},
  date=2021
  }

@misc{SKINNY,
  author= {Christof Beierle and Jérémy Jean and Stefan Kölbl and Gregor Leander and
          Amir Moradi and Thomas Peyrin and Yu Sasaki and Pascal Sasdrich and Siang Meng Sim},
  title= {SKINNY-AEAD and SKINNY-Hash v1.0}}

@misc{ASCON,
  author={Christoph Dobraunig and Maria Eichlseder and Florian Mendel and and Martin Schläffer},
  title={Ascon v1.2}, month={March}, date=2019
}

@misc{PICNIC,
  author={Melissa Chase and David Derler and Steven Goldfeder and Daniel Kales and Jonathan Katz and
             Vladimir Kolesnikov and Claudio Orlandi and Sebastian Ramacher and Christian Rechberger and Daniel Slamanig and Xiao Wang and Greg Zaverucha},
  title={The Picnic Signature Scheme Design Document},
  date=2020
}

@report{WOTSPLUSUPDATE,
  author={Mikhail A. Kudinov and Evgeniy O. Kiktenko and Aleksey K. Fedorov},
  title= {Security analysis of the WOTS+ signature scheme: Updating security bounds},
  month= {February}, date=2020
}

@misc{X1,
author={Lorenzo Grassi and Daniel Kales and Christian Rechberger and Markus Schofnegger},
title={Survey of key-recovery attacks on LowMC in a single plaintext/ciphertext scenario},
month={September},
date=2020}

@article{Banik_Barooti_Durak_Vaudenay_2020,
author={Banik, Subhadeep and Barooti, Khashayar and Durak, F. Betül and Vaudenay, Serge},
title={Cryptanalysis of LowMC instances using single plaintext/ciphertext pair},
volume={2020}, url={https://tosc.iacr.org/index.php/ToSC/article/view/8751},
DOI={10.46586/tosc.v2020.i4.130-146},
number={4},
journal={IACR Transactions on Symmetric Cryptology}, author={Banik, Subhadeep and Barooti, Khashayar and Durak, F. Betül and Vaudenay, Serge},
date={2020},
month={December},
pages={130–146}
}
@report{NISTIR-8369,
author={M. Turan, K. McKay, D. Chang, \,C. \,Calik, L. BassHam, J. Kang, and J. Kelsey},
title= {NISTIR 8369, Status Report on the Second Round of the NIST Lighweight Cryptography Standardization Process},
journal={Computer Security Division. Information Technology Laboratory},
month={July}, date= 2021}

@misc{FALCON, URL={https://falcon-sign.info}}

@misc{RAINBOW, URL={https://www.pqcrainbow.org}}

@inproceedings{DILITHIUM,
  title={CRYSTALS-Dilithium Algorithm Specifications and Supporting Documentation (Version 3.1)},
  author={L{\'e}o Ducas and Eike Kiltz and Tancr{\`e}de Lepoint and Vadim Lyubashevsky and Peter Schwabe and Gregor Seiler and Damien Stehl{\'e}},
  date={2021},
  URL={https://pq-crystals.org/dilithium/}
}


@article{SoK,
  author={ M. Barbosa and G. Barthe and K. Bhargavan and B. Blanchet and C. Cremers and K. Liao and B. Parno},
  title={SoK: Computer-Aided Cryptography.},
  jornal ={IEEE Symposium on Security and Privacy},
  date=2021
}


@article{FSTR,
author={J. Protzenko and J. K. Zinzindohoué and A. Rastogi and T. Ramananandro and P. Wang and S. Zanella
Béguelin and A. Delignat-Lavaud and C. Hritcu and K. Bhargavan and C. Fournet and N. Swamy},
title={Verified low-level programming embedded in F*.},
journal={ACM ICFP},
date=2017
}


@article{EC,
author={G. Barthe and B. Grégoire and S. Heraud and S. Zanella Béguelin},
title={Computer-Aided Security Proofs for the Working Cryptographer.},
journal={IACR CRYPTO},
date=2011
}


@article{FIAT,
author={A. Erbsen and J. Philipoom and J. Gross and R. Sloan and A. Chlipala},
title={Simple High-Level Code for Cryptographic Arithmetic - With Proofs, Without Compromises.},
journal={IEEE Symposium on Security and Privacy},
date=2019
}


@article{CVRF,
author={B. Blanchet},
title={Composition Theorems for CryptoVerif and Application to TLS 1.3.},
journal={IEEE CSF},
date=2018
}


@article{TLS,
author={A. Delignat-Lavaud and C. Fournet and M. Kohlweiss and J. Protzenko and A. Rastogi and N. Swamy and S. Zanella Béguelin and K. Bhargavan and J. Pan and J. K. Zinzindohoue},
title={Implementing and Proving the TLS 1.3 Record Layer.},
journal={IEEE Symposium on Security and Privacy},
date=2017
}


@article{SIGN,
author={N. Kobeissi and K. Bhargavan and B. Blanchet},
title={Automated Verification for Secure Messaging Protocols and Their Implementations: A Symbolic and Computational Approach.},
journal={Euro S{\&}P},
date=2017
}


@article{KMS,
author={J. Almeida and M. Barbosa and G. Barthe and M. Campagna and E. Cohen and B. Grégoire and V. Pereira and B. Portela and P.-Y. Strub and S. Tasiran},
title={A Machine-Checked Proof of Security for AWS Key Management Service.},
journal={ACM CCS},
year=2019
}


@article{SHA3,
author={J. Almeida and C. Baritel-Ruet and M. Barbosa and G. Barthe and F. Dupressoir and B. Grégoire and V. Laporte and T. Oliveira and A. Stoughton and P.-Y. Strub},
title={Machine-Checked Proofs for Cryptographic Standards: Indifferentiability of Sponge and Secure High-Assurance Implementations of SHA-3.},
journal={ACM CCS},
date=2019
}


@article{HACL,
author={J. K. Zinzindohoué and K. Bhargavan and J. Protzenko and B. Beurdouche},
title={HACL*: A Verified Modern Cryptographic Library.},
journal={ACM CCS},
date=2017
}


@article{WHY3,
author={J.-C. Filliâtre and A. Paskevich},
title={Why3 - Where Programs Meet Provers.},
journal={ESOP},
date=2013
}


@article{EUC,
author={R. Canetti and A. Stoughton and M. Varia},
title={EasyUC: Using EasyCrypt to Mechanize Proofs of Universally Composable Security.},
journal={IEEE CSF},
date=2019
}


@article{MASK,
author={G. Barthe and S. Belaïd and G. Cassiers and P.-A. Fouque and B. Grégoire and F.-X. Standaert},
title={maskVerif: Automated Verification of Higher-Order Masking in Presence of Physical Defaults.},
journal={ESORICS},
date=2019
}


@article{DIFP,
author={G. Barthe and N. Fong and M. Gaboardi and B. Grégoire and J. Hsu and P.-Y. Strub},
title={Advanced Probabilistic Couplings for Differential Privacy.},
journal={ACM CCS},
date=2016
}

@article{JASM,
author={J. Almeida and M. Barbosa and G. Barthe and A. Blot and B. Grégoire and V. Laporte and T. Oliveira and H. Pacheco and B. Schmidt and P.-Y. Strub},
title={ Jasmin: High-Assurance and High-Speed Cryptography.},
journal={ ACM CCS},
date=2017
}


@misc{CRYS,
title={CRYSTALS: Cryptographic Suite for Algebraic Lattices.},
date=2021
}


@misc{SIKE,
title={SIKE: Supersingular Isogeny Key Encapsulation.},
date=2021
}


@article{KECR,
author={M. Bellare and D. Pointcheval and P. Rogaway},
title={Authenticated Key Exchange Secure against Dictionary Attacks.},
journal={IACR EUROCRYPT},
date=2000
}

@article{UC,
author={R. Canetti},
title={Universally Composable Security.},
journal={J. ACM},
date=2020
}


@article{LMPC,
author={J. Almeida and M. Barbosa and G. Barthe and H. Pacheco and V. Pereira and B. Portela},
title={Enforcing Ideal-World Leakage Bounds in Real-World Secret Sharing MPC Frameworks.},
journal={IEEE CSF},
date=2018
}



@article{HACS,
author={K. Bhargavan and F. Kiefer and P.-Y. Strub},
title={HACSpec: Towards Verifiable Crypto Standards.},
journal={SSR},
date=2018
}



@article{MScThesis,
author={Henrique José Carvalho Faria},
title={LIGTHWEIGHT + POST-QUANTUM CRYPTOGRAPHIES},
date=2021
}

@article{PQRO,
author={D. Boneh and Ö. Dagdelen and M. Fischlin and A. Lehmann and C. Schaffner and M. Zhandry},
title={Random Oracles in a Quantum World.},
journal={IACR ASIACRYPT},
date=2011
}

@article{PQPR,
author={D. Boneh and Mark Zhandry},
title={Secure Signatures and Chosen Ciphertext Security in a Quantum Computing World.},
journal={IACR CRYPTO},
date=2013
}

@article{PQEC,
author={D. Unruh},
title={Post-Quantum Verification of Fujisaki-Okamoto.},
journal={IACR ASIACRYPT},
date=2020
}



@article{ZKBoo,
author={Irene Giacomelli and Jesper Madsen and Claudio Orlandi},
title={ZKBoo: Faster Zero-Knowledge for Boolean Circuits.},
journal={ USENIX Security Symposium},
date=2016
}





















